<?xml version="1.0" encoding="UTF-8"?>
<record xmlns="http://www.loc.gov/MARC21/slim" xmlns:xsi="http://www.w3.org/2001/XMLSchema-instance" xsi:schemaLocation="http://www.loc.gov/MARC21/slim http://www.loc.gov/standards/marcxml/schema/MARC21slim.xsd">
<leader>00000cam a22      a 4500</leader>
<controlfield tag="001">001820906</controlfield>
<controlfield tag="003">NNU</controlfield>
<controlfield tag="005">20160302161448.0</controlfield>
<controlfield tag="008">831228m19541956mr       b    001 0 ara</controlfield>
<datafield tag="010" ind1=" " ind2=" ">
<subfield code="a">   75233966</subfield>
</datafield>
<datafield tag="035" ind1=" " ind2=" ">
<subfield code="a">(OCoLC)22262824</subfield>
<subfield code="z">(OCoLC)19125026</subfield>
<subfield code="z">(OCoLC)84988260</subfield>
</datafield>
<datafield tag="040" ind1=" " ind2=" ">
<subfield code="a">DLC</subfield>
<subfield code="b">eng</subfield>
<subfield code="c">CUY</subfield>
<subfield code="d">GZM</subfield>
<subfield code="d">OCLCG</subfield>
<subfield code="d">OCLCF</subfield>
<subfield code="d">OCLCO</subfield>
<subfield code="d">OCLCQ</subfield>
<subfield code="d">NNU</subfield>
</datafield>
<datafield tag="043" ind1=" " ind2=" ">
<subfield code="a">f-mr---</subfield>
</datafield>
<datafield tag="050" ind1="0" ind2="0">
<subfield code="a">DT314</subfield>
<subfield code="b">.S252</subfield>
</datafield>
<datafield tag="082" ind1=" " ind2="4">
<subfield code="a">964.2</subfield>
</datafield>
<datafield tag="100" ind1="1" ind2=" ">
<subfield code="6">880-01</subfield>
<subfield code="a">Salāwī, Aḥmad ibn Khālid,</subfield>
<subfield code="d">1835-1897.</subfield>
</datafield>
<datafield tag="240" ind1="1" ind2="0">
<subfield code="6">880-02</subfield>
<subfield code="a">istiqṣā li-akhbār duwal al-Maghrib al-Aqṣá</subfield>
</datafield>
<datafield tag="245" ind1="1" ind2="0">
<subfield code="6">880-03</subfield>
<subfield code="a">Kitāb al-istiqṣā li-akhbār duwal al-Maghrib al-Aqṣá /</subfield>
<subfield code="c">[allafahu] Abū al-ʻAbbās Aḥmad ibn Khālid al-Nāṣirī. Taḥqīq wa-taʻlīq waladay al-muʹallif : Jaʻfar al-Nāṣirī wa-Muḥammad al-Nāṣirī.</subfield>
</datafield>
<datafield tag="246" ind1="3" ind2=" ">
<subfield code="6">880-04</subfield>
<subfield code="a">Istiqṣā li-akhbār duwal al-Maghrib al-Aqṣá</subfield>
</datafield>
<datafield tag="250" ind1=" " ind2=" ">
<subfield code="6">880-05</subfield>
<subfield code="a">[al-Ṭabʻah 1.]</subfield>
</datafield>
<datafield tag="260" ind1=" " ind2=" ">
<subfield code="6">880-06</subfield>
<subfield code="a">al-Dār al-Bayḍāʹ :</subfield>
<subfield code="b">Dār al-Kuttāb,</subfield>
<subfield code="c">1954-1956.</subfield>
</datafield>
<datafield tag="300" ind1=" " ind2=" ">
<subfield code="a">9 volumes ;</subfield>
<subfield code="c">24 cm</subfield>
</datafield>
<datafield tag="336" ind1=" " ind2=" ">
<subfield code="a">text</subfield>
<subfield code="b">txt</subfield>
<subfield code="2">rdacontent</subfield>
</datafield>
<datafield tag="337" ind1=" " ind2=" ">
<subfield code="a">unmediated</subfield>
<subfield code="b">n</subfield>
<subfield code="2">rdamedia</subfield>
</datafield>
<datafield tag="338" ind1=" " ind2=" ">
<subfield code="a">volume</subfield>
<subfield code="b">nc</subfield>
<subfield code="2">rdacarrier</subfield>
</datafield>
<datafield tag="504" ind1=" " ind2=" ">
<subfield code="a">Includes bibliographical references and indexes.</subfield>
</datafield>
<datafield tag="505" ind1="0" ind2=" ">
<subfield code="a">juzʹ 2. al-Dawlatān al-Murābiṭīyah wa-al-Muwaḥḥadīyah -- juzʹ 3-4. al-Dawlah al-Marīnīyah 2 v. -- juzʹ 5-6. al-Dawlah al-Saʻdīyah 2v. -- juzʹ 7-9 al-Dawlah al-ʻAlawīyah 3 v.</subfield>
</datafield>
<datafield tag="651" ind1=" " ind2="0">
<subfield code="a">Morocco</subfield>
<subfield code="x">History.</subfield>
</datafield>
<datafield tag="651" ind1=" " ind2="7">
<subfield code="a">Morocco.</subfield>
<subfield code="2">fast</subfield>
<subfield code="0">(OCoLC)fst01205592</subfield>
</datafield>
<datafield tag="655" ind1=" " ind2="7">
<subfield code="a">History.</subfield>
<subfield code="2">fast</subfield>
<subfield code="0">(OCoLC)fst01411628</subfield>
</datafield>
<datafield tag="700" ind1="1" ind2=" ">
<subfield code="6">880-07</subfield>
<subfield code="a">Nāṣirī, Jaʻfar ibn Aḥmad,</subfield>
<subfield code="d">1893-1980.</subfield>
</datafield>
<datafield tag="700" ind1="1" ind2=" ">
<subfield code="6">880-08</subfield>
<subfield code="a">Nāṣirī, Muḥammad.</subfield>
</datafield>
<datafield tag="776" ind1="0" ind2="8">
<subfield code="i">Online version:</subfield>
<subfield code="a">Salāwī, Aḥmad ibn Khālid, 1835-1897.</subfield>
<subfield code="t">Kitāb al-istiqṣā li-akhbār duwal al-Maghrib al-Aqṣá.</subfield>
<subfield code="b">[al-Ṭabʻah 1.].</subfield>
<subfield code="d">al-Dār al-Bayḍāʹ : Dār al-Kuttāb, 1954-1956</subfield>
<subfield code="w">(OCoLC)646832185</subfield>
</datafield>
<datafield tag="880" ind1="1" ind2=" ">
<subfield code="6">100-01/</subfield>
<subfield code="a">سلاوي، أحمد بن خالد،</subfield>
<subfield code="d">1835-1897.</subfield>
</datafield>
<datafield tag="880" ind1="1" ind2="0">
<subfield code="6">240-02/</subfield>
<subfield code="a">استقصا لأخبار دول المغرب الاقصى</subfield>
</datafield>
<datafield tag="880" ind1="1" ind2="0">
<subfield code="6">245-03/</subfield>
<subfield code="a">كتاب الاستقصا لأخبار دول المغرب الأقصى /</subfield>
<subfield code="c">[ألفه] أبو العباس أحمد بن خالد الناصري. تحقيق وتعليق ولدي المؤلف جعفر الناصرى ومحمد الناصرى.</subfield>
</datafield>
<datafield tag="880" ind1="3" ind2=" ">
<subfield code="6">246-04/</subfield>
<subfield code="a">استقصا لاخبار دول المغرب الاقصى</subfield>
</datafield>
<datafield tag="880" ind1=" " ind2=" ">
<subfield code="6">250-05/</subfield>
<subfield code="a">[الطبعة 1.]</subfield>
</datafield>
<datafield tag="880" ind1=" " ind2=" ">
<subfield code="6">260-06/</subfield>
<subfield code="a">الدار البيضاء :</subfield>
<subfield code="b">دار الكتب،</subfield>
<subfield code="c">1954-1956.</subfield>
</datafield>
<datafield tag="880" ind1="1" ind2=" ">
<subfield code="6">700-07/</subfield>
<subfield code="a">ناصري، جعفر بن احمد،</subfield>
<subfield code="d">1893-1980.</subfield>
</datafield>
<datafield tag="880" ind1="1" ind2=" ">
<subfield code="6">700-08/</subfield>
<subfield code="a">ناصري، محمد.</subfield>
</datafield>
<datafield tag="OWN" ind1=" " ind2=" ">
<subfield code="a">GENERAL</subfield>
</datafield>
<datafield tag="AVA" ind1=" " ind2=" ">
<subfield code="a">NYU50</subfield>
<subfield code="b">BOBST</subfield>
<subfield code="c">Main Collection</subfield>
<subfield code="d">DT314 .S252</subfield>
<subfield code="e">unavailable</subfield>
<subfield code="t">Unavailable</subfield>
<subfield code="f">3</subfield>
<subfield code="g">3</subfield>
<subfield code="h">Y</subfield>
<subfield code="i">3</subfield>
<subfield code="j">MAIN</subfield>
<subfield code="k">0</subfield>
</datafield>
</record>
